% Skabelon for pdf
@book{pdftest,
    author = {Someone},
    title = {Something},
    year = {2020},
    publisher = {Someone feeling important},
    note = {See \hyperlink{AppA}{appendix A}},
}

% Skabelon for pdf med weblink
@book{pdftestonline,
    author = {Someone},
    title = {Something},
    year = {2020},
    publisher = {Someone feeling important},
    url    = {https://directory.eoportal.org/web/eoportal/satellite-missions/d/dice#foot17%29},
    urldate = {2016-12-04},
}

% Skabelon for artikel
@article{artikeltest,
    author = {Anderson, Brian J. and Takahashi, Kazue and Toth, Bruce A.},
    title = {Sensing global Birkeland currents with iridiumÂ® engineering magnetometer data},
    journal = {Geophysical Research Letters},
    volume = {27},
    number = {24},
    url = {http://dx.doi.org/10.1029/2000GL000094},
    pages = {4045--4048},
    year = {2000},
}

% Skabelon for afhandling
@misc{afhandlingtest,
    author = {Someone},
    title = {Something},
    year = {2020},
    howpublished = {University - Department},
}

% Skabelon for manual/teknisk rapport
@manual{CoilManual,
    title = {Gyroskop U 52006},
    date = {2015},
    OPTlanguage = {English},
    OPTorganization = {3B Scientific},
    OPTpagetotal = {3},
    OPTurl = {\url{https://www.3bscientific.co.uk/product-manual/1000906_EN.pdf}},
    OPTurldate = {(Accessed on 04/13/2016)},
}

% Onlinekilde
@online{DICE83:online,
  author = {},
  title  = {DICE - eoPortal Directory - Satellite Missions},
  url    = {https://directory.eoportal.org/web/eoportal/satellite-missions/d/dice#foot17%29},
  urldate = {2016-12-04},
}

% Skabelon for misc
@misc{patri,
    author = {},
    title = {Mission | UoS3},
    howpublished = {\url{http://generic.wordpress.soton.ac.uk/uos3/mission/}},
    month = {},
    year = {},
    note = {(Accessed on 04/11/2016)}
}